<collection xmlns="http://www.loc.gov/MARC21/slim">
<record>
  <leader>01583nam0a22002891i 450 </leader>
  <controlfield tag="001">IT\ICCU\CNCE\041659</controlfield>
  <controlfield tag="005">20080523000000.0</controlfield>
  <datafield tag="012" ind1=" " ind2=" ">
    <subfield code="a">naa- s.n- s.ne rara (3) 1596 (A)</subfield>
    <subfield code="2">fei</subfield>
  </datafield>
  <datafield tag="100" ind1=" " ind2=" ">
    <subfield code="a">19981109d1596        0itac0103    ba</subfield>
  </datafield>
  <datafield tag="101" ind1=" " ind2=" ">
    <subfield code="a">LAT</subfield>
  </datafield>
  <datafield tag="102" ind1=" " ind2=" ">
    <subfield code="a">IT</subfield>
  </datafield>
  <datafield tag="200" ind1="1" ind2=" ">
    <subfield code="a">Lectiones secundi, et tertii nocturni, officij semiduplicis Beatae Mariae, quod s.d.n. Clemens Octauus concessit celebrari in Congregatione s. Ioannis Euangelistae Portugalliae. Collectae ex iisdem sanctis, et locis, ex quibus in Breuiario Romano desumitur tertia in vno quoque mense. A p. Petro de Sancto Ioanne Portugallensi ...</subfield>
  </datafield>
  <datafield tag="210" ind1=" " ind2=" ">
    <subfield code="a">Romae</subfield>
    <subfield code="c">ex typographia Marci Antonij de Valle</subfield>
    <subfield code="d">1596</subfield>
  </datafield>
  <datafield tag="215" ind1=" " ind2=" ">
    <subfield code="a">31, \1! p.</subfield>
    <subfield code="c">ill.</subfield>
    <subfield code="d">8ʻ</subfield>
  </datafield>
  <datafield tag="620" ind1=" " ind2=" ">
    <subfield code="a">IT</subfield>
    <subfield code="d">Roma</subfield>
  </datafield>
  <datafield tag="710" ind1="0" ind2="2">
    <subfield code="a">Canonici regolari</subfield>
    <subfield code="3">2524</subfield>
  </datafield>
  <datafield tag="702" ind1=" " ind2="0">
    <subfield code="a">Petrus</subfield>
    <subfield code="c"> : de#sancto Ioanne</subfield>
    <subfield code="3">IT\ICCU\CNCA\025860</subfield>
  </datafield>
  <datafield tag="712" ind1="0" ind2="0">
    <subfield code="a">Da_Valle, Marcantonio</subfield>
    <subfield code="3">IT\ICCU\CNCT\003359</subfield>
    <subfield code="4">650</subfield>
  </datafield>
  <datafield tag="791" ind1="0" ind2="2">
    <subfield code="a">Canonici regulares Lateranenses S. Augustini</subfield>
    <subfield code="3">7835</subfield>
    <subfield code="z">Canonici regolari</subfield>
  </datafield>
  <datafield tag="791" ind1="0" ind2="2">
    <subfield code="a">Congregatio S. Salvatoris Lateranensis</subfield>
    <subfield code="3">15454</subfield>
    <subfield code="z">Canonici regolari</subfield>
  </datafield>
  <datafield tag="791" ind1="0" ind2="2">
    <subfield code="a">Congregatio Lateranensis alias S. Mariae de Frisonaria</subfield>
    <subfield code="3">15455</subfield>
    <subfield code="z">Canonici regolari</subfield>
  </datafield>
  <datafield tag="791" ind1="0" ind2="2">
    <subfield code="a">Congregatio sancti Salvatoris Lateranensis</subfield>
    <subfield code="3">15456</subfield>
    <subfield code="z">Canonici regolari</subfield>
  </datafield>
  <datafield tag="791" ind1="0" ind2="2">
    <subfield code="a">Congregatio S. Ioannis Evangelistae Portugalliae</subfield>
    <subfield code="3">15564</subfield>
    <subfield code="z">Canonici regolari</subfield>
  </datafield>
  <datafield tag="791" ind1="0" ind2="0">
    <subfield code="a">Valle, Marcantonio da</subfield>
    <subfield code="3">IT\ICCU\CNCT\003579</subfield>
    <subfield code="z">Da_Valle, Marcantonio</subfield>
  </datafield>
  <datafield tag="791" ind1="0" ind2="0">
    <subfield code="a">Della_Valle, Marcantonio</subfield>
    <subfield code="3">IT\ICCU\CNCT\003580</subfield>
    <subfield code="z">Da_Valle, Marcantonio</subfield>
  </datafield>
  <datafield tag="801" ind1=" " ind2="3">
    <subfield code="a">IT</subfield>
    <subfield code="b">ICCU</subfield>
    <subfield code="c">20201114</subfield>
  </datafield>
  <datafield tag="899" ind1=" " ind2=" ">
    <subfield code="a">Biblioteca Vallicelliana. Roma</subfield>
    <subfield code="1">RM0281</subfield>
    <subfield code="2">RML 08</subfield>
  </datafield>
</record>
</collection>
